@inproceedings{li2018deep,
  title={Deep learning for case-based reasoning through prototypes: A neural network that explains its predictions},
  author={Li, Oscar and Liu, Hao and Chen, Chaofan and Rudin, Cynthia},
  booktitle={Thirty-Second AAAI Conference on Artificial Intelligence},
  year={2018}
}

@online{gdprart,
    title={Analysis: Article 29 Working Party Guidelines on Automated Decision Making Under GDPR.},
    author={Yannella, Philip N. and Kagan, Odia},
    year={2018},
    url ={https://www.cyberadviserblog.com/2018/01/analysis-article-29-
working-party-guidelines-on-automated-decision-making-under-gdpr/},
    lastaccessed ={January 16, 2020},
}

@inproceedings{dataleakage,
  title={Leakage in data mining: formulation, detection, and avoidance},
  author={Kaufman, Shachar and Rosset, Saharon and Perlich, Claudia},
  booktitle={Knowledge Discovery and Data Mining (KDD)},
  year={2011}
}

@article{automtrust,
  title={The role of trust in automation reliance},
  author={Dzindolet, Mary T. and Peterson, Scott A. and Pomranky, Regina A. and Pierce, Linda G. and Beck, Hall P.},
  journal={International Journal of Human-Computer Studies},
  year={2003}
}

@inproceedings{LIME,
  title={Why Should I Trust You?: Explaining the Predictions of Any Classifier},
  author={Ribeiro, Marco Tulio and Singh, Sameer and Guestrin, Carlos},
  booktitle={Proceedings of the 22nd ACM SIGKDD International Conference on Knowledge Discovery and Data Mining},
  year={2016},
  pages = {1135–-1144}
}

@inproceedings{axioms,
  title={Axiomatic Attribution for Deep Networks},
  author={Sundararajan, Mukund and Taly, Ankur and Yan, Qiqi},
  booktitle={ICML 2017},
  year={2017}
}

@article{activationmaximization,
  title={Visualizing higher-layer features of a deep network},
  author={Erhan, Dumitru and Bengio, Yoshua and Courville, Aaron and Vincent, Pascal},
  journal={Technical Report 1341},
  year={2009}
}

@inproceedings{featureexamplepaper1,
  title={A Unified Approach to Interpreting Model Predictions},
  author={Lundberg, Scott M. and Lee, Su-In},
  booktitle={NeurIPS 2017},
  year={2017}
}

@inproceedings{featureexamplepaper2,
  title={Explanations based on the Missing: Towards Contrastive Explanations with Pertinent Negatives},
  author={Dhurandhar, Amit and Chen, Pin-Yu and Luss, Ronny and Tu, Chun-Chen and Ting, Paishun and Shanmugam, Karthikeyan and Das, Payel},
  booktitle={NeurIPS 2018},
  year={2018}
}

@article{autoencoderpaper,
    title={Reducing the dimensionality of data with neural networks},
    author={Hinton, Geoffrey E. and Salakhutdinov, Russ R.},
    journal={Science 313(5786)},
    year={2006},
    pages={504-–507}
}

@article{paramoptimization,
    title={Random search for hyper-parameter optimization},
    author={Bergstra, J. and Bengio, Y.},
    journal={Journal of Machine Learning Research},
    year={2012},
    volume={13},
    pages={281--305}
}

@inproceedings{elasticdeformation,
    title={Best practices for convolutional neural networks applied to visual document analysis},
    author={Simard, P. Y. and  Steinkraus, D. and Platt, J. C. },
    year={2003},
    volume={2},
    booktitle={Proceedings of the Seventh International
    Conference on Document Analysis and Recognition (ICDAR)} 
}

@article{adam,
    title={Adam: A method for stochastic optimization},
    author={Kingma, D. P. and Ba, J.},
    journal={arXiv preprint arXiv:1412.6980.},
    year={2014},
}

@article{vfae,
    title={The Variational Fair Autoencoder},
    author={Louizos, C. and Swersky, K. and Li, Y. and Welling, M. and Zemel, R.},
    journal={ICLR 2016},
    year={2016},
}

@article{vae,
    title={Auto-Encoding Variational Bayes},
    author={Kingma, D. P. and Welling, M.},
    journal={arXiv:1312.6114},
    year={2013},
}